@article{bernstein2019fast,
  title={Fast constant-time gcd computation and modular inversion},
  author={Bernstein, Daniel J and Yang, Bo-Yin},
  journal={IACR Transactions on Cryptographic Hardware and Embedded Systems},
  pages={340--398},
  year={2019}
}

@inproceedings{barenghi2020comprehensive,
author = {Barenghi, Alessandro and Pelosi, Gerardo},
year = {2020},
month = {05},
pages = {269-276},
title = {A comprehensive analysis of constant-time polynomial inversion for post-quantum cryptosystems},
doi = {10.1145/3387902.3397224}
}

@software{benchmark,
  author       = {Alessandro Barenghi and
                  Gerardo Pelosi},
  title        = {{A self-contained software library to benchmark 
                   binary polynomial multiplicative inverses}},
  month        = apr,
  year         = 2020,
  publisher    = {Zenodo},
  doi          = {10.5281/zenodo.3760590},
  url          = {https://doi.org/10.5281/zenodo.3760590}
}
@article{ledaKEM,
author = {Baldi, Marco and Barenghi, Alessandro and Chiaraluce, Franco and Pelosi, Gerardo and Santini, Paolo},
year = {2018},
month = {01},
pages = {},
title = {{LEDA}kem: a post-quantum key encapsulation mechanism based on {QC-LDPC} codes}

}@inproceedings{baldi2019ledacrypt,
  title={{LEDA}crypt: {QC-LDPC} code-based cryptosystems with bounded decryption failure rate},
  author={Baldi, Marco and Barenghi, Alessandro and Chiaraluce, Franco and Pelosi, Gerardo and Santini, Paolo},
  booktitle={Code-Based Cryptography Workshop},
  pages={11--43},
  year={2019},
  organization={Springer}
}
@inproceedings{bodrato2007towards,
  title={Towards optimal Toom-Cook multiplication for univariate and multivariate polynomials in characteristic 2 and 0},
  author={Bodrato, Marco},
  booktitle={International Workshop on the Arithmetic of Finite Fields},
  pages={116--133},
  year={2007},
  organization={Springer}
}
@article{takagi2001fast,
  title={A fast algorithm for multiplicative inversion in GF (2/sup m/) using normal basis},
  author={Takagi, Naofumi and Yoshiki, Jun-ichi and Takagi, Kazuyoshi},
  journal={IEEE Transactions on Computers},
  volume={50},
  number={5},
  pages={394--398},
  year={2001},
  publisher={IEEE}
}

